% This file was created with JabRef 2.6.
% Encoding: UTF8

@MISC{will:due,
  author = {William Blum},
  title = {Configuring editors with SumatraPDF},
  year = {2011},
  url = {http://william.famille-blum.org/blog/static.php?page=static081010-000413}
}

@MISC{will:uno,
  author = {William Blum},
  title = {SumatraPDF for TeX users},
  year = {2011},
  url = {http://william.famille-blum.org/software/sumatra/index.html}
}

@BOOKLET{arte:latex,
  title = {L'arte di scrivere con \LaTeX. Un'introduzione a \LaTeX},
  author = {Lorenzo Pantieri and Tommaso Gordini},
  month = {4},
  year = {2011},
  url = {www.lorenzopantieri.net/LaTeX_files/ArteLaTeX.pdf}
}

@MANUAL{emacs:stallman,
  title = {GNU Emacs Manual},
  author = {Richard Stallman},
  organization = {Free Software Foundation, Inc.},
  edition = {16},
  year = {2010},
  url = {www.gnu.org/software/emacs/manual/emacs.pdf}
}

@MANUAL{auctex:manual,
  title = {AUC\TeX, A sophisticated \TeX{} environment for Emacs},
  author = {Kresten Krab Thorup and Per Abrahamsen and David Kastrup and others},
  organization = {Free Software Foundation, Inc.},
  year = {2010},
  url = {www.gnu.org/software/auctex/manual/auctex.pdf}
}

