@ARTICLE{emacs:odebari,
  author	= {Onofrio de Bari},
  title		= {{GNU Emacs} e {AUC\TeX} per {\LaTeX}},
  journal	= {Ars\TeX nica},
  year		= {2006},
  language	= {italian},
  number	= {2},
  month		= {10},
  pages		= {60-64},
  issn		= {1828-2350},
  note          = {\url{http://www.guitex.org/home/it/numero-2}},
}

@MANUAL{emacs:stallman,
  author	= {Richard Stallman},
  title		= {GNU Emacs Manual},
  year		= {2012},
  edition	= {16},
  organization	= {Free Software Foundation, Inc.},
  note		= {\url{http://www.gnu.org/software/emacs/manual/emacs.pdf}},
}

@MANUAL{auctex:manual,
  author	= {Kresten Krab Thorup and Per Abrahamsen and David Kastrup and others},
  title		= {AUC\TeX, A sophisticated \TeX{} environment for Emacs},
  year		= {2012},
  organization	= {Free Software Foundation, Inc.},
  note		= {\url{http://www.gnu.org/software/auctex/manual/auctex.pdf}},
}

@MISC{setupwindows,
  author	= {Joachim Schlosser},
  title		= {{\LaTeX} – a complete setup for {Windows}},
  year		= {2012},
  month         = {12},
  note		= {\url{http://www.latexbuch.de/files/latexsystem-en.pdf}},
}

@MISC{texworks:gregorio,
  author	= {Enrico Gregorio},
  title		= {Introduzione a {\TeX works}},
  year		= {2011},
  language	= {italian},
  note          = {\url{http://profs.sci.univr.it/~gregorio/introtexworks.pdf}},
}