@ARTICLE{emacs:odebari,
  author	= {Onofrio de Bari},
  title		= {{GNU Emacs} e {AUC\TeX} per {\LaTeX}},
  journal	= {Ars\TeX nica},
  year		= {2006},
  language	= {italian},
  number	= {2},
  month		= {10},
  pages		= {60-64},
  issn		= {1828-2350},
  note          = {\url{http://www.guitex.org/home/it/numero-2}},
}

@MANUAL{emacs:stallman,
  author	= {Richard Stallman},
  title		= {GNU Emacs Manual},
  year		= {2010},
  edition	= {16},
  organization	= {Free Software Foundation, Inc.},
  note		= {\url{www.gnu.org/software/emacs/manual/emacs.pdf}},
}

@MANUAL{auctex:manual,
  author	= {Kresten Krab Thorup and Per Abrahamsen and David Kastrup and others},
  title		= {AUC\TeX, A sophisticated \TeX{} environment for Emacs},
  year		= {2010},
  organization	= {Free Software Foundation, Inc.},
  note		= {\url{www.gnu.org/software/auctex/manual/auctex.pdf}},
}

@MISC{emacsW32:wiki,
  author	= {{Autori vari}},
  title		= {Emacs{Wiki}: Site Map},
  year		= {2012},
  note		= {\url{http://www.emacswiki.org}},
}

@MISC{will:uno,
  author	= {William Blum},
  title		= {{SumatraPDF} with {\TeX} additions -- {SumatraPDF} for {\TeX}
                  users},
  year		= {2011},
  note		= {\url{http://william.famille-blum.org/software/sumatra/index.html}},
}

@MISC{will:due,
  author	= {William Blum},
  title		= {Configuring editors with {SumatraPDF}},
  year		= {2011},
  note		= {\url{http://william.famille-blum.org/blog/index.php}},
}